@article{gupta2008appointment,
  title={Appointment scheduling in health care: Challenges and opportunities},
  author={Gupta, Diwakar and Denton, Brian},
  journal={IIE transactions},
  volume={40},
  number={9},
  pages={800--819},
  year={2008},
  publisher={Taylor \& Francis}
}
@article{niu2023review,
  title={A review of optimization studies for system appointment scheduling},
  author={Niu, Tiantian and Lei, Bingyin and Guo, Li and Fang, Shu and Li, Qihang and Gao, Bingrui and Yang, Li and Gao, Kaiye},
  journal={Axioms},
  volume={13},
  number={1},
  pages={16},
  year={2023},
  publisher={MDPI}
}
@article{kuo2020medical,
  title={Medical appointment overbooking and optimal scheduling: tradeoffs between schedule efficiency and accessibility to service},
  author={Kuo, Yong-Hong and Balasubramanian, Hari and Chen, Yan},
  journal={Flexible Services and Manufacturing Journal},
  volume={32},
  pages={72--101},
  year={2020},
  publisher={Springer}
}
@article{ala2022appointment,
  title={Appointment scheduling problem under fairness policy in healthcare services: fuzzy ant lion optimizer},
  author={Ala, Ali and Simic, Vladimir and Pamucar, Dragan and Tirkolaee, Erfan Babaee},
  journal={Expert systems with applications},
  volume={207},
  pages={117949},
  year={2022},
  publisher={Elsevier}
}
@article{ala2022appointment2,
  title={Appointment scheduling problem in complexity systems of the healthcare services: A comprehensive review},
  author={Ala, Ali and Chen, Feng},
  journal={Journal of Healthcare Engineering},
  volume={2022},
  number={1},
  pages={5819813},
  year={2022},
  publisher={Wiley Online Library}
}
@article{kuiper2021problem,
  title={The problem of appointment scheduling in outpatient clinics: a multiple case study of clinical practice},
  author={Kuiper, Alex and de Mast, Jeroen and Mandjes, Michel},
  journal={Omega},
  volume={98},
  pages={102122},
  year={2021},
  publisher={Elsevier}
}
@inproceedings{hannebauer2001distributed,
  title={Distributed constraint optimization for medical appointment scheduling},
  author={Hannebauer, Markus and M{\"u}ller, Sebastian},
  booktitle={Proceedings of the fifth international conference on Autonomous agents},
  pages={139--140},
  year={2001}
}
@article{alviano2019nurse,
  title={Nurse (re) scheduling via answer set programming},
  author={Alviano, Mario and Dodaro, Carmine and Maratea, Marco},
  journal={Intelligenza Artificiale},
  volume={12},
  number={2},
  pages={109--124},
  year={2019},
  publisher={SAGE Publications Sage UK: London, England}
}
@article{niu2023review,
  title={A review of optimization studies for system appointment scheduling},
  author={Niu, Tiantian and Lei, Bingyin and Guo, Li and Fang, Shu and Li, Qihang and Gao, Bingrui and Yang, Li and Gao, Kaiye},
  journal={Axioms},
  volume={13},
  number={1},
  pages={16},
  year={2023},
  publisher={MDPI}
}
@article{dodaro2024operating,
  title={Operating room scheduling via answer set programming: Improved encoding and test on real data},
  author={Dodaro, Carmine and Galat{\`a}, Giuseppe and Gebser, Martin and Maratea, Marco and Marte, Cinzia and Mochi, Marco and Scanu, Marco},
  journal={Journal of Logic and Computation},
  volume={34},
  number={8},
  pages={1556--1579},
  year={2024},
  publisher={Oxford University Press}
}
@article{qiu2019mri,
  title={MRI appointment scheduling with uncertain examination time},
  author={Qiu, Huaxin and Wang, Dujuan and Wang, Yanzhang and Yin, Yunqiang},
  journal={Journal of Combinatorial Optimization},
  volume={37},
  pages={62--82},
  year={2019},
  publisher={Springer}
}
@article{fan2021outpatient,
  title={Outpatient appointment scheduling problem considering patient selection behavior: data modeling and simulation optimization},
  author={Fan, Xuanzhu and Tang, Jiafu and Yan, Chongjun and Guo, Hainan and Cao, Zhongfa},
  journal={Journal of Combinatorial Optimization},
  volume={42},
  pages={677--699},
  year={2021},
  publisher={Springer}
}
@article{ala2021optimization,
  title={Optimization of an appointment scheduling problem for healthcare systems based on the quality of fairness service using whale optimization algorithm and NSGA-II},
  author={Ala, Ali and Alsaadi, Fawaz E and Ahmadi, Mohsen and Mirjalili, Seyedali},
  journal={Scientific Reports},
  volume={11},
  number={1},
  pages={19816},
  year={2021},
  publisher={Nature Publishing Group UK London}
}
@article{alrefaei2015modelling,
  title={Modelling and optimization of outpatient appointment scheduling},
  author={Alrefaei, Mahmoud H and Diabat, Ali},
  journal={RAIRO-Operations Research-Recherche Op{\'e}rationnelle},
  volume={49},
  number={3},
  pages={435--450},
  year={2015}
}
@book{baral2003knowledge,
  title={Knowledge representation, reasoning and declarative problem solving},
  author={Baral, Chitta},
  year={2003},
  publisher={Cambridge university press}
}
@book{lifschitz2008handbook,
  title={Handbook of knowledge representation},
  author={Lifschitz, Vladimir and Porter, Bruce and Van Harmelen, Frank},
  year={2008},
  publisher={Elsevier}
}
@article{costantini2010answer,
  title={Answer set programming with resources},
  author={Costantini, Stefania and Formisano, Andrea},
  journal={Journal of Logic and Computation},
  volume={20},
  number={2},
  pages={533--571},
  year={2010},
  publisher={OUP}
}
@article{dyoub2018answer,
  title={Answer set programming and agents},
  author={Dyoub, Abeer and Costantini, Stefania and De Gasperis, Giovanni},
  journal={The Knowledge Engineering Review},
  volume={33},
  pages={e19},
  year={2018},
  publisher={Cambridge University Press}
}
@article{monaldini2024blueprint,
  title={Blueprint Personas in Digital Health Transformation},
  author={Monaldini, Andrea and Vozna, Alina and Costantini, Stefania},
  year={2024}
}
@book{lifschitz2019answer,
  title={Answer set programming},
  author={Lifschitz, Vladimir},
  volume={3},
  year={2019},
  publisher={Springer Cham}
}
@article{nouioua2006using,
  title={Using answer set programming in an inference-based approach to natural language semantics},
  author={Nouioua, Farid and Nicolas, Pascal},
  journal={arXiv preprint cs/0607088},
  year={2006}
}
@book{newman2021building,
  title={Building microservices: designing fine-grained systems},
  author={Newman, Sam},
  year={2021},
  publisher={" O'Reilly Media, Inc."}
}
@inproceedings{haekal2016token,
  title={Token-based authentication using JSON web token on SIKASIR RESTful web service},
  author={Haekal, Muhamad and others},
  booktitle={2016 International Conference on Informatics and Computing (ICIC)},
  pages={175--179},
  year={2016},
  organization={IEEE}
}
@article{gebser2014clingo,
  title={Clingo= ASP+ control: Preliminary report},
  author={Gebser, Martin and Kaminski, Roland and Kaufmann, Benjamin and Schaub, Torsten},
  journal={arXiv preprint arXiv:1405.3694},
  year={2014}
}
@misc{ministero2009cup,
  author       = {{Ministero del Lavoro, della Salute e delle Politiche Sociali}},
  title        = {{Sistema CUP: Linee guida nazionali}},
  year         = {2009},
  howpublished = {\url{https://www.salute.gov.it/imgs/C_17_pubblicazioni_1577_allegato.pdf}},
  note         = {Accessed: 2025-04-02}
}
@misc{EIP_AHA,
  author       = {Commission E.},
  title        = {European Innovation Partnership on Active and Healthy Ageing},
  howpublished = {\url{https://ec.europa.eu/eip/ageing/home_en.html}},
year = {2024},
  note         = {Accessed: 2024-09-23}
}
@article{branke2015automated,
  title={Automated design of production scheduling heuristics: A review},
  author={Branke, J{\"u}rgen and Nguyen, Su and Pickardt, Christoph W and Zhang, Mengjie},
  journal={IEEE Transactions on Evolutionary Computation},
  volume={20},
  number={1},
  pages={110--124},
  year={2015},
  publisher={IEEE}
}